######################### References #########################

@BOOK{DUMMY:1,
	AUTHOR="John Doe",
	TITLE="The Book without Title",
	PUBLISHER="Dummy Publisher",
	YEAR="2100",
}

@book{hitchhiker:first,
	title={The Hitchhiker's Guide to the Galaxy},
	author={Adams, D.},
	isbn={0330258648},
	series={Hitchhiker's Guide to the Galaxy},
	year={1979},
	publisher={Pan Books}
}
